@article{eliminazione,
  title={Solving fully fuzzy linear systems by Gauss Jordan
Elimination Method},
  author={S. Muruganandam, K. Abdul Razak and K.Rajakumar},
  journal={Journal of Physics: Conference Series 1362 (2019) 012087},
  year={}
}
@article{STdecomp,
  title={Fully Fuzzy Linear Systems in Python
Programming},
  author={V.Vijayalakshmi, S. Surabhi, A.Karpagam},
  journal={International Journal of Engineering and Advanced Technology (IJEAT)},
  year={2020}
}
